@article{MILLION1,
  title         = {
    Pyrolysis of large biomass particles: model validation and application to Coffee Husks valorization
  },
  author        = {
    Million M. Afessa and Andrea Locaspi and Paulo Debiagi and Alessio Frassoldati and Caraccio Riccardo and A.Venkata Ramayya and Tiziano Faravelli
  },
  year          = {2024},
  journal       = {Journal of Analytical and Applied Pyrolysis},
  volume        = {},
  pages         = {},
  doi           = {},
  issn          = {},
  url           = {},
  keywords      = {
    submitted, pyrolysis
  },
  author+an     = {5=highlight}
}